<record><leader>00000cas a2200000 a 4500</leader><controlfield tag="001">19890714</controlfield><controlfield tag="008">890619d186218uutnuuu ne      0    0eng c</controlfield><datafield ind1=" " ind2=" " tag="010"><subfield code="a">sn 89058428 </subfield></datafield><datafield ind1=" " ind2=" " tag="040"><subfield code="a">KNP</subfield><subfield code="b">eng</subfield><subfield code="c">KNP</subfield><subfield code="d">SLU</subfield><subfield code="d">TGN</subfield><subfield code="d">MHN</subfield><subfield code="d">OCL</subfield><subfield code="d">OCLCQ</subfield><subfield code="d">OCLCF</subfield><subfield code="d">OCLCO</subfield></datafield><datafield ind1=" " ind2=" " tag="042"><subfield code="a">pcc</subfield></datafield><datafield ind1=" " ind2=" " tag="043"><subfield code="a">n-us-tn</subfield></datafield><datafield ind1="0" ind2=" " tag="130"><subfield code="a">Union volunteer (Murfreesboro, Tenn.)</subfield></datafield><datafield ind1="1" ind2="4" tag="245"><subfield code="a">The union volunteer.</subfield></datafield><datafield ind1=" " ind2=" " tag="260"><subfield code="a">Murfreesboro, Tenn. :</subfield><subfield code="b">Lee, Preston &amp; Eastman</subfield></datafield><datafield ind1=" " ind2=" " tag="300"><subfield code="a">v.</subfield></datafield><datafield ind1="0" ind2=" " tag="362"><subfield code="a">Vol. 1, no. 1 (May 10, 1862)-</subfield></datafield><datafield ind1=" " ind2=" " tag="500"><subfield code="a">Editor: Capt. Chas. V. Deland, &lt;1862&gt;</subfield></datafield><datafield ind1=" " ind2=" " tag="515"><subfield code="a">Masthead dated June, 1862 on July 1, 1862 issue.</subfield></datafield><datafield ind1=" " ind2="0" tag="651"><subfield code="a">Murfreesboro (Tenn.)</subfield><subfield code="v">Newspapers.</subfield></datafield><datafield ind1=" " ind2="0" tag="651"><subfield code="a">Rutherford County (Tenn.)</subfield><subfield code="v">Newspapers.</subfield></datafield><datafield ind1=" " ind2="7" tag="655"><subfield code="a">Newspapers.</subfield><subfield code="2">fast</subfield><subfield code="0">(OCoLC)fst01423814</subfield></datafield><datafield ind1=" " ind2="7" tag="651"><subfield code="a">Tennessee</subfield><subfield code="z">Murfreesboro.</subfield><subfield code="2">fast</subfield><subfield code="0">(OCoLC)fst01202976</subfield></datafield><datafield ind1=" " ind2="7" tag="651"><subfield code="a">Tennessee</subfield><subfield code="z">Rutherford County.</subfield><subfield code="2">fast</subfield><subfield code="0">(OCoLC)fst01208169</subfield></datafield><datafield ind1=" " ind2=" " tag="752"><subfield code="a">United States</subfield><subfield code="b">Tennessee</subfield><subfield code="c">Rutherford</subfield><subfield code="d">Murfreesboro.</subfield></datafield></record>